@article{romanovMolecularDesignHypothalamus2020,
	title = {Molecular design of hypothalamus development},
	author = {Romanov, Roman A. and Tretiakov, Evgenii O. and Kastriti, Maria Eleni and Zupancic, Maja and {Häring}, Martin and Korchynska, Solomiia and Popadin, Konstantin and Benevento, Marco and Rebernik, Patrick and Lallemend, Francois and Nishimori, Katsuhiko and Clotman, {Frédéric} and Andrews, William D. and Parnavelas, John G. and Farlik, Matthias and Bock, Christoph and Adameyko, Igor and {Hökfelt}, Tomas and Keimpema, Erik and Harkany, Tibor},
	year = {2020},
	month = {06},
	date = {2020-06},
	journal = {Nature},
	pages = {246--252},
	volume = {582},
	number = {7811},
	doi = {10.1038/s41586-020-2266-0},
	url = {https://www.nature.com/articles/s41586-020-2266-0},
	note = {48 citations (Semantic Scholar/DOI) [2022-06-25]
ECC: 0000010
Citation Key: romanovMolecularDesignHypothalamus2020
tex.ids= romanovMolecularDesignHypothalamus2020a
number: 7811
publisher: Nature Publishing Group},
	langid = {en}
}

@article{kim2020,
	title = {The cellular and molecular landscape of hypothalamic patterning and differentiation from embryonic to late postnatal development},
	author = {Kim, Dong Won and Washington, Parris Whitney and Wang, Zoe Qianyi and Lin, Sonia Hao and Sun, Changyu and Ismail, Basma Taleb and Wang, Hong and Jiang, Lizhi and Blackshaw, Seth},
	year = {2020},
	month = {08},
	date = {2020-08-31},
	journal = {Nature Communications},
	pages = {4360},
	volume = {11},
	number = {1},
	doi = {10/ghdps6},
	url = {10/ghdps6},
	note = {ECC: 0000008
7 citations (Semantic Scholar/DOI) [2021-04-27]
Citation Key: kimCellularMolecularLandscape2020
tex.ids= kimCellularMolecularLandscape2020a
PMCID: PMC7459115
PMID: 32868762},
	langid = {eng}
}

@article{szetoPOTXPIT1interactingHomeodomain1996,
	title = {P-OTX: a PIT-1-interacting homeodomain factor expressed during anterior pituitary gland development},
	author = {Szeto, D. P. and Ryan, A. K. and {O'Connell}, S. M. and Rosenfeld, M. G.},
	year = {1996},
	month = {07},
	date = {1996-07-23},
	journal = {Proceedings of the National Academy of Sciences of the United States of America},
	pages = {7706--7710},
	volume = {93},
	number = {15},
	doi = {10.1073/pnas.93.15.7706},
	note = {PMID: 8755540
PMCID: PMC38811
Citation Key: szetoPOTXPIT1interactingHomeodomain1996},
	langid = {eng}
}

@article{dasenReciprocalInteractionsPit11999,
	title = {Reciprocal Interactions of Pit1 and GATA2 Mediate Signaling Gradient{\textendash}Induced Determination of Pituitary Cell Types},
	author = {Dasen, Jeremy S and {O{\textquoteright}Connell}, Shawn M and Flynn, Sarah E and Treier, Mathias and Gleiberman, Anatoli S and Szeto, Daniel P and Hooshmand, Farideh and Aggarwal, Aneel K and Rosenfeld, Michael G},
	year = {1999},
	month = {05},
	date = {1999-05-28},
	journal = {Cell},
	pages = {587--598},
	volume = {97},
	number = {5},
	doi = {10.1016/S0092-8674(00)80770-9},
	url = {https://www.sciencedirect.com/science/article/pii/S0092867400807709},
	note = {Citation Key: dasenReciprocalInteractionsPit11999}
}

@article{stuartComprehensiveIntegrationSingleCell2019,
	title = {Comprehensive Integration of Single-Cell Data},
	author = {Stuart, Tim and Butler, Andrew and Hoffman, Paul and Hafemeister, Christoph and Papalexi, Efthymia and Mauck, William M. and Hao, Yuhan and Stoeckius, Marlon and Smibert, Peter and Satija, Rahul},
	year = {2019},
	month = {06},
	date = {2019-06-13},
	journal = {Cell},
	pages = {1888--1902.e21},
	volume = {177},
	number = {7},
	doi = {10.1016/j.cell.2019.05.031},
	note = {3763 citations (Semantic Scholar/DOI) [2022-06-25]
ECC: 0003109
tex.ids= stuartComprehensiveIntegrationSingleCell2019a
PMCID: PMC6687398
PMID: 31178118
Citation Key: stuartComprehensiveIntegrationSingleCell2019},
	langid = {eng}
}

@article{haoDictionaryLearningIntegrative2023,
	title = {Dictionary learning for integrative, multimodal and scalable single-cell analysis},
	author = {Hao, Yuhan and Stuart, Tim and Kowalski, Madeline H. and Choudhary, Saket and Hoffman, Paul and Hartman, Austin and Srivastava, Avi and Molla, Gesmira and Madad, Shaista and Fernandez-Granda, Carlos and Satija, Rahul},
	year = {2023},
	month = {05},
	date = {2023-05-25},
	journal = {Nature Biotechnology},
	doi = {10.1038/s41587-023-01767-y},
	note = {PMID: 37231261
Citation Key: haoDictionaryLearningIntegrative2023},
	langid = {eng}
}

@article{mcinnes2018,
	title = {UMAP: Uniform Manifold Approximation and Projection for Dimension Reduction},
	author = {McInnes, Leland and Healy, John and Melville, James},
	year = {2018},
	date = {2018},
	doi = {10.48550/arxiv.1802.03426}
}

@article{kobakInitializationCriticalPreserving2021,
	title = {Initialization is critical for preserving global data structure in both t-SNE and UMAP.},
	author = {Kobak, Dmitry and Linderman, George C.},
	year = {2021},
	month = {02},
	date = {2021-02},
	journal = {Nature biotechnology},
	pages = {156--157},
	volume = {39},
	number = {2},
	doi = {10/ghxbbn},
	note = {ECC: 0000010
5 citations (Semantic Scholar/DOI) [2021-07-29]
Place: United States
PMID: 33526945
Citation Key: kobakInitializationCriticalPreserving2021},
	langid = {eng}
}

@article{hafemeister2019,
	title = {Normalization and variance stabilization of single-cell RNA-seq data using regularized negative binomial regression},
	author = {Hafemeister, Christoph and Satija, Rahul},
	year = {2019},
	date = {2019},
	journal = {Genome Biology},
	pages = {296},
	volume = {20},
	number = {1},
	doi = {10.1186/s13059-019-1874-1},
	url = {https://genomebiology.biomedcentral.com/articles/10.1186/s13059-019-1874-1},
	note = {872 citations (Semantic Scholar/DOI) [2022-08-12]
Citation Key: hafemeisterNormalizationVarianceStabilization2019
tex.ids= hafemeisterNormalizationVarianceStabilization2019a
PMCID: PMC6927181
PMID: 31870423},
	langid = {en}
}

@article{patil2021,
	title = {Visualizations with statistical details: The 'ggstatsplot' approach},
	author = {Patil, Indrajeet},
	year = {2021},
	month = {05},
	date = {2021-05-25},
	journal = {Journal of Open Source Software},
	pages = {3167},
	volume = {6},
	number = {61},
	doi = {10.21105/joss.03167},
	url = {https://joss.theoj.org/papers/10.21105/joss.03167},
	note = {253 citations (Semantic Scholar/DOI) [2023-04-05]
Citation Key: patilVisualizationsStatisticalDetails2021}
}

@article{conwayUpSetRPackageVisualization2017,
	title = {UpSetR: an R package for the visualization of intersecting sets and their properties},
	author = {Conway, Jake R and Lex, Alexander and Gehlenborg, Nils},
	editor = {Hancock, John},
	year = {2017},
	month = {09},
	date = {2017-09-15},
	journal = {Bioinformatics},
	pages = {2938--2940},
	volume = {33},
	number = {18},
	doi = {10.1093/bioinformatics/btx364},
	url = {https://academic.oup.com/bioinformatics/article/33/18/2938/3884387},
	note = {Citation Key: conwayUpSetRPackageVisualization2017
tex.ids= conwayUpSetRPackageVisualization2017a},
	langid = {en}
}
